<?xml version="1.0" encoding="UTF-8"?><record xmlns="http://www.loc.gov/MARC21/slim" xmlns:cinclude="http://apache.org/cocoon/include/1.0" xmlns:zs="http://www.loc.gov/zing/srw/">
  <leader>00489nz  a2200157n  4500</leader>
  <controlfield tag="001">n  90622073 </controlfield>
  <controlfield tag="003">DLC</controlfield>
  <controlfield tag="005">19900319154016.3</controlfield>
  <controlfield tag="008">900319n| acannaab|          |a ana ||| c</controlfield>
  <datafield tag="010" ind1=" " ind2=" ">
    <subfield code="a">n  90622073 </subfield>
  </datafield>
  <datafield tag="040" ind1=" " ind2=" ">
    <subfield code="a">CU</subfield>
    <subfield code="c">CU</subfield>
  </datafield>
  <datafield tag="110" ind1="2" ind2="0">
    <subfield code="a">N.S.W. Timber Advisory Council</subfield>
  </datafield>
  <datafield tag="410" ind1="2" ind2="0">
    <subfield code="a">NSW Timber Advisory Council</subfield>
  </datafield>
  <datafield tag="410" ind1="2" ind2="0">
    <subfield code="a">TAC</subfield>
  </datafield>
  <datafield tag="670" ind1=" " ind2=" ">
    <subfield code="a">O'Hara, T. Sloping grain &amp; the strength of structural timber, 1985:</subfield>
    <subfield code="b">t.p. (N.S.W. Timber Advisory Council) cover (TAC)</subfield>
  </datafield>
  <datafield tag="675" ind1=" " ind2=" ">
    <subfield code="a">Sydney tel. direct., 1981</subfield>
  </datafield>
</record>